@article{scikit-learn,
 title={Scikit-learn: Machine Learning in {P}ython},
 author={Pedregosa, F. and Varoquaux, G. and Gramfort, A. and Michel, V.
         and Thirion, B. and Grisel, O. and Blondel, M. and Prettenhofer, P.
         and Weiss, R. and Dubourg, V. and Vanderplas, J. and Passos, A. and
         Cournapeau, D. and Brucher, M. and Perrot, M. and Duchesnay, E.},
 journal={Journal of Machine Learning Research},
 volume={12},
 pages={2825--2830},
 year={2011}
}

@article{blei2003,
 title={Latent Dirichlet Allocation},
 author={Blei, David M. and Ng, Andrew and Jordan, Michael},
 volume={2},
 pages={293-1022},
 year={2003}
}

@article{blei2010,
 title={Supervised Topic Models},
 author={Blei, David M. and McAuliffe, Jon D.},
 year={2010}
}

@article{huq2017,
 title={Sentiment Analysis on Twitter Data using KNN and SVM},
 author={Huq, Mohammad and Ali, Ahmed and Rahman, Anika},
 volume={8},
 year={2017}
}

@inproceedings{pmalo2009,
 title={Learning the Roles of Directional Expressions and Domain Concepts in Financial News Analysis},
 author={Malo, Pekka and  Sinha, Ankur and Takala, Pyry and Ahlgren, Oskar and Lappalainen, livari},
booktitle={Proceedings of IEEE International Conference on Data Mining Workshops (SENTIRE-2013)},
 year={2013}
}

@book{murphy2013,
  title={Machine Learning: a Probabilistic Perspective},
  author={Murphy, Kevin P.},
  year={2013},
  publisher={" MIT Press."}
}


